<?xml version="1.0" encoding="UTF-8" ?>
<collection xmlns:xsi="http://www.w3.org/2001/XMLSchema-instance" xsi:schemaLocation="http://www.loc.gov/MARC21/slim http://www.loc.gov/standards/marcxml/schema/MARC21slim.xsd" xmlns="http://www.loc.gov/MARC21/slim">
   <record>
      <leader>     cam a22      a 4500</leader>
      <controlfield tag="001">1920114</controlfield>
      <controlfield tag="003">NIC</controlfield>
      <controlfield tag="005">20140820194700.0</controlfield>
      <controlfield tag="008">910528s1955    ua       b    000 0 ara d</controlfield>
      <datafield tag="035" ind1=" " ind2=" ">
         <subfield code="a">(NIC)notisAJY3438</subfield>
      </datafield>
      <datafield tag="035" ind1=" " ind2=" ">
         <subfield code="a">(OCoLC)10496685</subfield>
      </datafield>
      <datafield tag="035" ind1=" " ind2=" ">
         <subfield code="a">1920114</subfield>
      </datafield>
      <datafield tag="040" ind1=" " ind2=" ">
         <subfield code="a">NIC</subfield>
         <subfield code="c">NIC</subfield>
      </datafield>
      <datafield tag="041" ind1="1" ind2=" ">
         <subfield code="a">ara</subfield>
         <subfield code="h">eng</subfield>
      </datafield>
      <datafield tag="043" ind1=" " ind2=" ">
         <subfield code="a">ma-----</subfield>
      </datafield>
      <datafield tag="100" ind1="1" ind2=" ">
         <subfield code="a">Bouthoul, Gaston,</subfield>
         <subfield code="d">1899-</subfield>
      </datafield>
      <datafield tag="240" ind1="1" ind2="0">
         <subfield code="a">Ibn-Khaldoun.</subfield>
         <subfield code="l">Arabic</subfield>
      </datafield>
      <datafield tag="245" ind1="1" ind2="0">
         <subfield code="a">Ibn Khaldūn :</subfield>
         <subfield code="b">&quot;falsafatuhu al-ijtimāʻīyah&quot; /</subfield>
         <subfield code="c">Ghastūn Būtūl ; tarjamah ʻādil Zuʻaytir.</subfield>
      </datafield>
      <datafield tag="260" ind1=" " ind2=" ">
         <subfield code="a">[al-Qāhirah] :</subfield>
         <subfield code="b">Dār Iḥyāʾ al-Kutub al-ʻArabīyah,</subfield>
         <subfield code="c">[1955]</subfield>
      </datafield>
      <datafield tag="300" ind1=" " ind2=" ">
         <subfield code="a">136 p. ;</subfield>
         <subfield code="c">25 cm.</subfield>
      </datafield>
      <datafield tag="504" ind1=" " ind2=" ">
         <subfield code="a">Includes bibliographical references (p. 135-136).</subfield>
      </datafield>
      <datafield tag="500" ind1=" " ind2=" ">
         <subfield code="a">Translation of: Ibn-Khaldoun, sa philosophie sociale.</subfield>
      </datafield>
      <datafield tag="650" ind1=" " ind2="0">
         <subfield code="a">Sociology</subfield>
         <subfield code="z">Arab country</subfield>
         <subfield code="x">History.</subfield>
      </datafield>
      <datafield tag="600" ind1="1" ind2="0">
         <subfield code="a">Ibn Khaldūn,</subfield>
         <subfield code="d">1332-1406.</subfield>
      </datafield>
      <datafield tag="905" ind1=" " ind2=" ">
         <subfield code="a">19931025120000.0</subfield>
      </datafield>
      <datafield tag="903" ind1=" " ind2=" ">
         <subfield code="a">NYUACO</subfield>
         <subfield code="d">20141028</subfield>
         <subfield code="p">31924067520480</subfield>
      </datafield>
      <datafield tag="950" ind1=" " ind2=" ">
         <subfield code="a">D116.7.I3</subfield>
         <subfield code="b">M21 1955</subfield>
         <subfield code="v"> </subfield>
      </datafield>
   </record>
</collection>
